@article{Babusci:1998ww,
    author = "Babusci, D. and Giordano, G. and L'vov, A. I. and Matone, G. and Nathan, A. M.",
    title = "{Low-energy Compton scattering of polarized photons on polarized nucleons}",
    eprint = "hep-ph/9803347",
    archivePrefix = "arXiv",
    doi = "10.1103/PhysRevC.58.1013",
    journal = "Phys. Rev. C",
    volume = "58",
    pages = "1013--1041",
    year = "1998"
}

@article{Hagelstein:2020vog,
    author = "Hagelstein, Franziska",
    title = "{Nucleon Polarizabilities and Compton Scattering as Playground for Chiral Perturbation Theory}",
    eprint = "2006.16124",
    archivePrefix = "arXiv",
    primaryClass = "nucl-th",
    doi = "10.3390/sym12091407",
    journal = "Symmetry",
    volume = "12",
    number = "9",
    pages = "1407",
    year = "2020"
}

@article{Levchuk:1999zy,
    author = "Levchuk, M. I. and L'vov, A. I.",
    title = "{Deuteron Compton scattering below pion photoproduction threshold}",
    eprint = "nucl-th/9909066",
    archivePrefix = "arXiv",
    reportNumber = "LPI-HEPD-T-99-6",
    doi = "10.1016/S0375-9474(00)00145-7",
    journal = "Nucl. Phys. A",
    volume = "674",
    pages = "449--492",
    year = "2000"
}

@article{Bernard:1991rq,
    author = "Bernard, Veronique and Kaiser, Norbert and Meissner, Ulf G.",
    title = "{Chiral expansion of the nucleon's electromagnetic polarizabilities}",
    reportNumber = "BUTP-91-25, CRN-PHTH-91-09",
    doi = "10.1103/PhysRevLett.67.1515",
    journal = "Phys. Rev. Lett.",
    volume = "67",
    pages = "1515--1518",
    year = "1991"
}

@article{Bernard:1991ru,
    author = "Bernard, Veronique and Kaiser, Norbert and Meissner, Ulf G.",
    title = "{Nucleons with chiral loops: Electromagnetic polarizabilities}",
    reportNumber = "BUTP-91-30, CRN-PHTH-91-15",
    doi = "10.1016/0550-3213(92)90436-F",
    journal = "Nucl. Phys. B",
    volume = "373",
    pages = "346--370",
    year = "1992"
}

@article{Detmold:2006vu,
    author = "Detmold, W. and Tiburzi, B. C. and Walker-Loud, Andre",
    title = "{Electromagnetic and spin polarisabilities in lattice QCD}",
    eprint = "hep-lat/0603026",
    archivePrefix = "arXiv",
    reportNumber = "NT-UW-05-12",
    doi = "10.1103/PhysRevD.73.114505",
    journal = "Phys. Rev. D",
    volume = "73",
    pages = "114505",
    year = "2006"
}

@article{Schumacher:2019ikn,
    author = "Schumacher, Martin",
    title = "{Polarizability of the nucleon}",
    eprint = "1907.05434",
    archivePrefix = "arXiv",
    primaryClass = "hep-ph",
    doi = "10.31526/lhep.4.2019.136",
    journal = "LHEP",
    volume = "4",
    pages = "4",
    year = "2019"
}

@article{Saenz:2020yxy,
    author = {Saenz, Jesus and Engelhardt, Michael and H\"ollwieser, Roman},
    title = "{Energy of a pointlike neutron in an external electromagnetic field}",
    eprint = "2008.10691",
    archivePrefix = "arXiv",
    primaryClass = "hep-ph",
    doi = "10.1103/PhysRevD.104.056002",
    journal = "Phys. Rev. D",
    volume = "104",
    number = "5",
    pages = "056002",
    year = "2021"
}

@article{Holstein:1999uu,
    author = "Holstein, Barry R. and Drechsel, D. and Pasquini, B. and Vanderhaeghen, M.",
    title = "{Higher order polarizabilities of the proton}",
    eprint = "hep-ph/9910427",
    archivePrefix = "arXiv",
    doi = "10.1103/PhysRevC.61.034316",
    journal = "Phys. Rev. C",
    volume = "61",
    pages = "034316",
    year = "2000"
}

@article{Drechsel:2002ar,
    author = "Drechsel, D. and Pasquini, B. and Vanderhaeghen, M.",
    title = "{Dispersion relations in real and virtual Compton scattering}",
    eprint = "hep-ph/0212124",
    archivePrefix = "arXiv",
    doi = "10.1016/S0370-1573(02)00636-1",
    journal = "Phys. Rept.",
    volume = "378",
    pages = "99--205",
    year = "2003"
}

@article{Hildebrandt:2003fm,
    author = "Hildebrandt, Robert P. and Griesshammer, Harald W. and Hemmert, Thomas R. and Pasquini, Barbara",
    title = "{Signatures of chiral dynamics in low-energy compton scattering off the nucleon}",
    eprint = "nucl-th/0307070",
    archivePrefix = "arXiv",
    reportNumber = "TUM-T39-03-10, ECT-03-22",
    doi = "10.1140/epja/i2003-10144-9",
    journal = "Eur. Phys. J. A",
    volume = "20",
    pages = "293--315",
    year = "2004"
}

@article{Schumacher:2005an,
    author = "Schumacher, Martin",
    title = "{Polarizability of the nucleon and Compton scattering}",
    eprint = "hep-ph/0501167",
    archivePrefix = "arXiv",
    reportNumber = "HEP-PH-0501167",
    doi = "10.1016/j.ppnp.2005.01.033",
    journal = "Prog. Part. Nucl. Phys.",
    volume = "55",
    pages = "567--646",
    year = "2005"
}

@article{Pasquini:2007hf,
    author = "Pasquini, B. and Drechsel, D. and Vanderhaeghen, M.",
    title = "{Proton spin polarizabilities from polarized Compton scattering}",
    eprint = "0705.0282",
    archivePrefix = "arXiv",
    primaryClass = "hep-ph",
    reportNumber = "WM-07-103, JLAB-THY-07-633",
    doi = "10.1103/PhysRevC.76.015203",
    journal = "Phys. Rev. C",
    volume = "76",
    pages = "015203",
    year = "2007"
}

@article{Pasquini:2010zr,
    author = "Pasquini, B. and Pedroni, P. and Drechsel, D.",
    title = "{Higher order forward spin polarizability}",
    eprint = "1001.4230",
    archivePrefix = "arXiv",
    primaryClass = "hep-ph",
    doi = "10.1016/j.physletb.2010.03.007",
    journal = "Phys. Lett. B",
    volume = "687",
    pages = "160--166",
    year = "2010"
}

@article{Griesshammer:2012we,
    author = "Griesshammer, H. W. and McGovern, J. A. and Phillips, D. R. and Feldman, G.",
    title = "{Using effective field theory to analyse low-energy Compton scattering data from protons and light nuclei}",
    eprint = "1203.6834",
    archivePrefix = "arXiv",
    primaryClass = "nucl-th",
    reportNumber = "INT-PUB-12-012",
    doi = "10.1016/j.ppnp.2012.04.003",
    journal = "Prog. Part. Nucl. Phys.",
    volume = "67",
    pages = "841--897",
    year = "2012"
}

@article{McGovern:2012ew,
    author = "McGovern, J. A. and Phillips, D. R. and Griesshammer, H. W.",
    title = "{Compton scattering from the proton in an effective field theory with explicit Delta degrees of freedom}",
    eprint = "1210.4104",
    archivePrefix = "arXiv",
    primaryClass = "nucl-th",
    reportNumber = "INT-PUB-12-048",
    doi = "10.1140/epja/i2013-13012-1",
    journal = "Eur. Phys. J. A",
    volume = "49",
    pages = "12",
    year = "2013"
}

@article{Holstein:2013kia,
    author = "Holstein, Barry R. and Scherer, Stefan",
    title = "{Hadron Polarizabilities}",
    eprint = "1401.0140",
    archivePrefix = "arXiv",
    primaryClass = "hep-ph",
    reportNumber = "MITP-13-086",
    doi = "10.1146/annurev-nucl-102313-025555",
    journal = "Ann. Rev. Nucl. Part. Sci.",
    volume = "64",
    pages = "51--81",
    year = "2014"
}

@article{COMPTONMAX-lab:2014cve,
    author = "Myers, L. S. and others",
    collaboration = "COMPTON@MAX-lab",
    title = "{Measurement of Compton Scattering from the Deuteron and an Improved Extraction of the Neutron Electromagnetic Polarizabilities}",
    eprint = "1409.3705",
    archivePrefix = "arXiv",
    primaryClass = "nucl-ex",
    doi = "10.1103/PhysRevLett.113.262506",
    journal = "Phys. Rev. Lett.",
    volume = "113",
    number = "26",
    pages = "262506",
    year = "2014"
}

@article{A2:2014iky,
    author = "Martel, P. P. and others",
    collaboration = "A2",
    title = "{Measurements of Double-Polarized Compton Scattering Asymmetries and Extraction of the Proton Spin Polarizabilities}",
    eprint = "1408.1576",
    archivePrefix = "arXiv",
    primaryClass = "nucl-ex",
    doi = "10.1103/PhysRevLett.114.112501",
    journal = "Phys. Rev. Lett.",
    volume = "114",
    number = "11",
    pages = "112501",
    year = "2015"
}

@article{Gryniuk:2015eza,
    author = "Gryniuk, Oleksii and Hagelstein, Franziska and Pascalutsa, Vladimir",
    title = "{Evaluation of the forward Compton scattering off protons: Spin-independent amplitude}",
    eprint = "1508.07952",
    archivePrefix = "arXiv",
    primaryClass = "nucl-th",
    reportNumber = "MITP-15-018",
    doi = "10.1103/PhysRevD.92.074031",
    journal = "Phys. Rev. D",
    volume = "92",
    pages = "074031",
    year = "2015"
}

@article{Gryniuk:2016gnm,
    author = "Gryniuk, Oleksii and Hagelstein, Franziska and Pascalutsa, Vladimir",
    title = "{Evaluation of the forward Compton scattering off protons: II. Spin-dependent amplitude and observables}",
    eprint = "1604.00789",
    archivePrefix = "arXiv",
    primaryClass = "nucl-th",
    reportNumber = "MITP-16-001",
    doi = "10.1103/PhysRevD.94.034043",
    journal = "Phys. Rev. D",
    volume = "94",
    number = "3",
    pages = "034043",
    year = "2016"
}

@article{Hagelstein:2015egb,
    author = "Hagelstein, Franziska and Miskimen, Rory and Pascalutsa, Vladimir",
    title = "{Nucleon Polarizabilities: from Compton Scattering to Hydrogen Atom}",
    eprint = "1512.03765",
    archivePrefix = "arXiv",
    primaryClass = "nucl-th",
    reportNumber = "MITP-15-119",
    doi = "10.1016/j.ppnp.2015.12.001",
    journal = "Prog. Part. Nucl. Phys.",
    volume = "88",
    pages = "29--97",
    year = "2016"
}

@article{Griesshammer:2017txw,
    author = "Griesshammer, Harald W. and McGovern, Judith A. and Phillips, Daniel R.",
    title = "{Comprehensive Study of Observables in Compton Scattering on the Nucleon}",
    eprint = "1711.11546",
    archivePrefix = "arXiv",
    primaryClass = "nucl-th",
    doi = "10.1140/epja/i2018-12467-8",
    journal = "Eur. Phys. J. A",
    volume = "54",
    number = "3",
    pages = "37",
    year = "2018"
}

@article{Pasquini:2017ehj,
    author = "Pasquini, B. and Pedroni, P. and Sconfietti, S.",
    title = "{First extraction of the scalar proton dynamical polarizabilities from real Compton scattering data}",
    eprint = "1711.07401",
    archivePrefix = "arXiv",
    primaryClass = "hep-ph",
    doi = "10.1103/PhysRevC.98.015204",
    journal = "Phys. Rev. C",
    volume = "98",
    number = "1",
    pages = "015204",
    year = "2018"
}

@article{Pasquini:2018wbl,
    author = "Pasquini, Barbara and Vanderhaeghen, Marc",
    title = "{Dispersion Theory in Electromagnetic Interactions}",
    eprint = "1805.10482",
    archivePrefix = "arXiv",
    primaryClass = "hep-ph",
    doi = "10.1146/annurev-nucl-101917-020843",
    journal = "Ann. Rev. Nucl. Part. Sci.",
    volume = "68",
    pages = "75--103",
    year = "2018"
}

@article{Pasquini:2019nnx,
    author = "Pasquini, B. and Pedroni, P. and Sconfietti, S.",
    title = "{Proton scalar dipole polarizabilities from real Compton scattering data, using fixed-t subtracted dispersion relations and the bootstrap method}",
    eprint = "1903.07952",
    archivePrefix = "arXiv",
    primaryClass = "hep-ph",
    doi = "10.1088/1361-6471/ab323a",
    journal = "J. Phys. G",
    volume = "46",
    number = "10",
    pages = "104001",
    year = "2019"
}

@article{Miskimen:2019kwu,
    author = "Miskimen, Rory",
    title = "{Overview of the experimental achievements in nucleon and meson polarizabilites}",
    doi = "10.22323/1.317.0015",
    journal = "PoS",
    volume = "CD2018",
    pages = "015",
    year = "2019"
}

@article{Martel:2019tgp,
    author = "Martel, Phil P.",
    collaboration = "A2",
    title = "{Compton Scattering and Hadron Polarizabilities}",
    doi = "10.22323/1.317.0038",
    journal = "PoS",
    volume = "CD2018",
    pages = "038",
    year = "2019"
}

@article{A2:2019bqm,
    author = "Paudyal, D. and others",
    collaboration = "A2",
    title = "{Extracting the spin polarizabilities of the proton by measurement of Compton double-polarization observables}",
    eprint = "1909.02032",
    archivePrefix = "arXiv",
    primaryClass = "nucl-ex",
    doi = "10.1103/PhysRevC.102.035205",
    journal = "Phys. Rev. C",
    volume = "102",
    number = "3",
    pages = "035205",
    year = "2020"
}

@article{Melendez:2020ikd,
    author = "Melendez, J. A. and Furnstahl, R. J. and Griesshammer, H. W. and McGovern, J. A. and Phillips, D. R. and Pratola, M. T.",
    title = "{Designing Optimal Experiments: An Application to Proton Compton Scattering}",
    eprint = "2004.11307",
    archivePrefix = "arXiv",
    primaryClass = "nucl-th",
    doi = "10.1140/epja/s10050-021-00382-2",
    journal = "Eur. Phys. J. A",
    volume = "57",
    number = "3",
    pages = "81",
    year = "2021"
}

@article{Fiebig:1988en,
    author = "Fiebig, H. R. and Wilcox, W. and Woloshyn, R. M.",
    title = "{A Study of Hadron Electric Polarizability in Quenched Lattice {QCD}}",
    reportNumber = "Print-89-0139 (FLORIDA INT.)",
    doi = "10.1016/0550-3213(89)90180-6",
    journal = "Nucl. Phys. B",
    volume = "324",
    pages = "47--66",
    year = "1989"
}

@article{Lee:2005dq,
    author = "Lee, Frank X. and Zhou, Leming and Wilcox, Walter and Christensen, Joseph C.",
    title = "{Magnetic polarizability of hadrons from lattice QCD in the background field method}",
    eprint = "hep-lat/0509065",
    archivePrefix = "arXiv",
    doi = "10.1103/PhysRevD.73.034503",
    journal = "Phys. Rev. D",
    volume = "73",
    pages = "034503",
    year = "2006"
}

@article{Christensen:2004ca,
    author = "Christensen, Joseph C. and Wilcox, Walter and Lee, Frank X. and Zhou, Le-ming",
    title = "{Electric polarizability of neutral hadrons from lattice QCD}",
    eprint = "hep-lat/0408024",
    archivePrefix = "arXiv",
    reportNumber = "BU-HEPP-04-02, JLAB-THY-04-53",
    doi = "10.1103/PhysRevD.72.034503",
    journal = "Phys. Rev. D",
    volume = "72",
    pages = "034503",
    year = "2005"
}

@article{Shintani:2006xr,
    author = "Shintani, E. and Aoki, S. and Ishizuka, N. and Kanaya, K. and Kikukawa, Y. and Kuramashi, Y. and Okawa, M. and Ukawa, A. and Yoshie, T.",
    title = "{Neutron electric dipole moment with external electric field method in lattice QCD}",
    eprint = "hep-lat/0611032",
    archivePrefix = "arXiv",
    reportNumber = "UTHEP-533, UTCCS-P-29",
    doi = "10.1103/PhysRevD.75.034507",
    journal = "Phys. Rev. D",
    volume = "75",
    pages = "034507",
    year = "2007"
}

@article{Engelhardt:2007ub,
    author = "Engelhardt, Michael",
    collaboration = "LHPC",
    title = "{Neutron electric polarizability from unquenched lattice QCD using the background field approach}",
    eprint = "0706.3919",
    archivePrefix = "arXiv",
    primaryClass = "hep-lat",
    doi = "10.1103/PhysRevD.76.114502",
    journal = "Phys. Rev. D",
    volume = "76",
    pages = "114502",
    year = "2007"
}

@article{Engelhardt:2009ryp,
    author = "Engelhardt, Michael",
    editor = "Liu, Chuan and Zhu, Yu",
    title = "{Progress Toward the Chiral Regime in Lattice QCD Calculations of the Neutron Electric Polarizability}",
    eprint = "1001.5044",
    archivePrefix = "arXiv",
    primaryClass = "hep-lat",
    doi = "10.22323/1.091.0128",
    journal = "PoS",
    volume = "LAT2009",
    pages = "128",
    year = "2009"
}

@article{Detmold:2009dx,
    author = "Detmold, William and Tiburzi, Brian C. and Walker-Loud, Andre",
    title = "{Extracting Electric Polarizabilities from Lattice QCD}",
    eprint = "0904.1586",
    archivePrefix = "arXiv",
    primaryClass = "hep-lat",
    reportNumber = "JLAB-THY-09-965, UMD-40762-446",
    doi = "10.1103/PhysRevD.79.094505",
    journal = "Phys. Rev. D",
    volume = "79",
    pages = "094505",
    year = "2009"
}

@article{Detmold:2010ts,
    author = "Detmold, W. and Tiburzi, B. C. and Walker-Loud, A.",
    title = "{Extracting Nucleon Magnetic Moments and Electric Polarizabilities from Lattice QCD in Background Electric Fields}",
    eprint = "1001.1131",
    archivePrefix = "arXiv",
    primaryClass = "hep-lat",
    reportNumber = "JLAB-THY-09-1111, UMD-40762-474",
    doi = "10.1103/PhysRevD.81.054502",
    journal = "Phys. Rev. D",
    volume = "81",
    pages = "054502",
    year = "2010"
}

@article{Engelhardt:2011qq,
    author = "Engelhardt, Michael",
    editor = "Vranas, Pavlos",
    title = "{Exploration of the electric spin polarizability of the neutron in lattice QCD}",
    eprint = "1111.3686",
    archivePrefix = "arXiv",
    primaryClass = "hep-lat",
    doi = "10.22323/1.139.0153",
    journal = "PoS",
    volume = "LATTICE2011",
    pages = "153",
    year = "2011"
}

@article{Alexandru:2009id,
    author = "Alexandru, Andrei and Lee, Frank X.",
    editor = "Liu, Chuan and Zhu, Yu",
    title = "{Neutron electric polarizability}",
    eprint = "0911.2520",
    archivePrefix = "arXiv",
    primaryClass = "hep-lat",
    doi = "10.22323/1.091.0144",
    journal = "PoS",
    volume = "LAT2009",
    pages = "144",
    year = "2009"
}

@article{Lee:2010dq,
    author = "Lee, Frank X. and Alexandru, Andrei",
    editor = "Rossi, Giancarlo",
    title = "{Magnetic Moments of Negative-Parity Baryons from Lattice QCD}",
    eprint = "1011.4325",
    archivePrefix = "arXiv",
    primaryClass = "hep-lat",
    doi = "10.22323/1.105.0148",
    journal = "PoS",
    volume = "LATTICE2010",
    pages = "148",
    year = "2010"
}

@article{Lee:2011gz,
    author = "Lee, Frank X. and Alexandru, Andrei",
    editor = "Vranas, Pavlos",
    title = "{Spin Polarizabilities on the Lattice}",
    eprint = "1111.4425",
    archivePrefix = "arXiv",
    primaryClass = "hep-lat",
    doi = "10.22323/1.139.0317",
    journal = "PoS",
    volume = "LATTICE2011",
    pages = "317",
    year = "2011"
}

@article{Lujan:2014kia,
    author = "Lujan, Michael and Alexandru, Andrei and Freeman, Walter and Lee, Frank",
    title = "{Electric polarizability of neutral hadrons from dynamical lattice QCD ensembles}",
    eprint = "1402.3025",
    archivePrefix = "arXiv",
    primaryClass = "hep-lat",
    doi = "10.1103/PhysRevD.89.074506",
    journal = "Phys. Rev. D",
    volume = "89",
    number = "7",
    pages = "074506",
    year = "2014"
}

@article{Freeman:2014kka,
    author = "Freeman, Walter and Alexandru, Andrei and Lujan, Michael and Lee, Frank X.",
    title = "{Sea quark contributions to the electric polarizability of hadrons}",
    eprint = "1407.2687",
    archivePrefix = "arXiv",
    primaryClass = "hep-lat",
    doi = "10.1103/PhysRevD.90.054507",
    journal = "Phys. Rev. D",
    volume = "90",
    number = "5",
    pages = "054507",
    year = "2014"
}

@article{Luschevskaya:2014lga,
    author = "Luschevskaya, E. V. and Solovjeva, O. E. and Kochetkov, O. A. and Teryaev, O. V.",
    title = "{Magnetic polarizabilities of light mesons in $SU(3)$ lattice gauge theory}",
    eprint = "1411.4284",
    archivePrefix = "arXiv",
    primaryClass = "hep-lat",
    doi = "10.1016/j.nuclphysb.2015.07.023",
    journal = "Nucl. Phys. B",
    volume = "898",
    pages = "627--643",
    year = "2015"
}

@article{Lujan:2016ffj,
    author = "Lujan, M. and Alexandru, A. and Freeman, W. and Lee, F. X.",
    title = "{Finite volume effects on the electric polarizability of neutral hadrons in lattice QCD}",
    eprint = "1606.07928",
    archivePrefix = "arXiv",
    primaryClass = "hep-lat",
    doi = "10.1103/PhysRevD.94.074506",
    journal = "Phys. Rev. D",
    volume = "94",
    number = "7",
    pages = "074506",
    year = "2016"
}

@article{Primer:2013pva,
    author = "Primer, Thomas and Kamleh, Waseem and Leinweber, Derek and Burkardt, Matthias",
    title = "{Magnetic properties of the nucleon in a uniform background field}",
    eprint = "1307.1509",
    archivePrefix = "arXiv",
    primaryClass = "hep-lat",
    doi = "10.1103/PhysRevD.89.034508",
    journal = "Phys. Rev. D",
    volume = "89",
    number = "3",
    pages = "034508",
    year = "2014"
}

@article{Bignell:2018acn,
    author = "Bignell, Ryan and Hall, Jonathan and Kamleh, Waseem and Leinweber, Derek and Burkardt, Matthias",
    title = "{Neutron magnetic polarizability with Landau mode operators}",
    eprint = "1804.06574",
    archivePrefix = "arXiv",
    primaryClass = "hep-lat",
    reportNumber = "ADP-18-10/T1058, ADP-18-10-T1058",
    doi = "10.1103/PhysRevD.98.034504",
    journal = "Phys. Rev. D",
    volume = "98",
    number = "3",
    pages = "034504",
    year = "2018"
}

@article{Bignell:2020xkf,
    author = "Bignell, Ryan and Kamleh, Waseem and Leinweber, Derek",
    title = "{Magnetic polarizability of the nucleon using a Laplacian mode projection}",
    eprint = "2002.07915",
    archivePrefix = "arXiv",
    primaryClass = "hep-lat",
    reportNumber = "ADP-20-6/T1116",
    doi = "10.1103/PhysRevD.101.094502",
    journal = "Phys. Rev. D",
    volume = "101",
    number = "9",
    pages = "094502",
    year = "2020"
}

@article{Bignell:2020dze,
    author = "Bignell, Ryan and Kamleh, Waseem and Leinweber, Derek",
    title = "{Pion magnetic polarisability using the background field method}",
    eprint = "2005.10453",
    archivePrefix = "arXiv",
    primaryClass = "hep-lat",
    reportNumber = "ADP-20-14/T1124",
    doi = "10.1016/j.physletb.2020.135853",
    journal = "Phys. Lett. B",
    volume = "811",
    pages = "135853",
    year = "2020"
}

@article{He:2020ysm,
    author = "He, Fangcheng and Leinweber, D. B. and Thomas, A. W. and Wang, P.",
    title = "{Chiral extrapolation of the magnetic polarizability of the neutral pion}",
    eprint = "2010.01580",
    archivePrefix = "arXiv",
    primaryClass = "nucl-th",
    doi = "10.1103/PhysRevD.102.114509",
    journal = "Phys. Rev. D",
    volume = "102",
    number = "11",
    pages = "114509",
    year = "2020"
}

@article{Bignell:2020aye,
    author = "Bignell, Ryan and Kamleh, Waseem and Leinweber, Derek",
    editor = "Doglioni, C. and Kim, D. and Stewart, G. A. and Silvestris, L. and Jackson, P. and Kamleh, W.",
    title = "{Computing the magnetic field response of the proton}",
    doi = "10.1051/epjconf/202024506033",
    journal = "EPJ Web Conf.",
    volume = "245",
    pages = "06033",
    year = "2020"
}

@article{Lensky:2015awa,
    author = "Lensky, Vadim and McGovern, Judith and Pascalutsa, Vladimir",
    title = "{Predictions of covariant chiral perturbation theory for nucleon polarisabilities and polarised Compton scattering}",
    eprint = "1510.02794",
    archivePrefix = "arXiv",
    primaryClass = "hep-ph",
    reportNumber = "MITP-15-017",
    doi = "10.1140/epjc/s10052-015-3791-0",
    journal = "Eur. Phys. J. C",
    volume = "75",
    number = "12",
    pages = "604",
    year = "2015"
}

@article{Griesshammer:2015ahu,
    author = "Griesshammer, Harald W. and McGovern, Judith A. and Phillips, Daniel R.",
    title = "{Nucleon Polarisabilities at and Beyond Physical Pion Masses}",
    eprint = "1511.01952",
    archivePrefix = "arXiv",
    primaryClass = "nucl-th",
    doi = "10.1140/epja/i2016-16139-5",
    journal = "Eur. Phys. J. A",
    volume = "52",
    number = "5",
    pages = "139",
    year = "2016"
}

@article{Lee:2013lxa,
    author = "Lee, Jong-Wan and Tiburzi, Brian C.",
    title = "{Background electromagnetic fields and nonrelativistic QED matching: Scalar case}",
    eprint = "1312.3969",
    archivePrefix = "arXiv",
    primaryClass = "hep-ph",
    reportNumber = "RBRC-1054",
    doi = "10.1103/PhysRevD.89.054017",
    journal = "Phys. Rev. D",
    volume = "89",
    number = "5",
    pages = "054017",
    year = "2014"
}

@article{Lee:2014iha,
    author = "Lee, Jong-Wan and Tiburzi, Brian C.",
    title = "{Reconciling the lattice background field method with nonrelativistic QED: Spinor case}",
    eprint = "1407.8159",
    archivePrefix = "arXiv",
    primaryClass = "hep-lat",
    reportNumber = "RBRC-1082",
    doi = "10.1103/PhysRevD.90.074036",
    journal = "Phys. Rev. D",
    volume = "90",
    number = "7",
    pages = "074036",
    year = "2014"
}

@article{Wilcox:1996vx,
    author = "Wilcox, Walter",
    title = "{Lattice charge overlap. 2: Aspects of charged pion polarizability}",
    eprint = "hep-lat/9606019",
    archivePrefix = "arXiv",
    reportNumber = "BU-HEPP-96-02",
    doi = "10.1006/aphy.1996.5649",
    journal = "Annals Phys.",
    volume = "255",
    pages = "60--74",
    year = "1997"
}

@article{Wilcox:1997ee,
    author = "Wilcox, Walter",
    title = "{A Lattice investigation of the DMO sum rule}",
    eprint = "hep-lat/9803013",
    archivePrefix = "arXiv",
    reportNumber = "BU-HEPP-97-02",
    doi = "10.1103/PhysRevD.57.6731",
    journal = "Phys. Rev. D",
    volume = "57",
    pages = "6731--6740",
    year = "1998"
}

@article{Christensen:2002wh,
    author = "Christensen, Joseph C. and Lee, Frank X. and Wilcox, Walter and Zhou, Le-ming",
    editor = "Edwards, R. and Negele, John W. and Richards, D.",
    title = "{Electric polarizability of hadrons}",
    eprint = "hep-lat/0209043",
    archivePrefix = "arXiv",
    reportNumber = "JLAB-THY-02-80",
    doi = "10.1016/S0920-5632(03)01523-8",
    journal = "Nucl. Phys. B Proc. Suppl.",
    volume = "119",
    pages = "269--271",
    year = "2003"
}

@article{Zhou:2002km,
    author = "Zhou, L. and Lee, F. X. and Wilcox, W. and Christensen, Joseph C.",
    editor = "Edwards, R. and Negele, John W. and Richards, D.",
    title = "{Magnetic polarizability of hadrons from lattice QCD}",
    eprint = "hep-lat/0209128",
    archivePrefix = "arXiv",
    reportNumber = "JLAB-THY-02-58",
    doi = "10.1016/S0920-5632(03)01524-X",
    journal = "Nucl. Phys. B Proc. Suppl.",
    volume = "119",
    pages = "272--274",
    year = "2003"
}

@article{Lee:2005vv,
    author = "Lee, F. and Zhou, Le-Ming and Wilcox, W. and Christensen, J.",
    editor = "Michael, Christopher",
    title = "{Magnetic polarizability of hadrons in the background field method}",
    doi = "10.22323/1.020.0031",
    journal = "PoS",
    volume = "LAT2005",
    pages = "031",
    year = "2006"
}

@article{Lepage:1998vj,
    author = "Lepage, G. Peter",
    title = "{Flavor symmetry restoration and Symanzik improvement for staggered quarks}",
    eprint = "hep-lat/9809157",
    archivePrefix = "arXiv",
    doi = "10.1103/PhysRevD.59.074502",
    journal = "Phys. Rev. D",
    volume = "59",
    pages = "074502",
    year = "1999"
}

@article{Bernard:2001av,
    author = "Bernard, Claude W. and Burch, Tom and Orginos, Kostas and Toussaint, Doug and DeGrand, Thomas A. and Detar, Carleton E. and Datta, Saumen and Gottlieb, Steven A. and Heller, Urs M. and Sugar, Robert",
    title = "{The QCD spectrum with three quark flavors}",
    eprint = "hep-lat/0104002",
    archivePrefix = "arXiv",
    doi = "10.1103/PhysRevD.64.054506",
    journal = "Phys. Rev. D",
    volume = "64",
    pages = "054506",
    year = "2001"
}

@article{Foldy:1959zza,
    author = "Foldy, L. L.",
    title = "{Electric Polarizability of the Neutron}",
    doi = "10.1103/PhysRevLett.3.105",
    journal = "Phys. Rev. Lett.",
    volume = "3",
    pages = "105--105",
    year = "1959"
}

@article{Syritsyn:2009mx,
    author = "Syritsyn, S. N. and others",
    title = "{Nucleon Electromagnetic Form Factors from Lattice QCD using 2+1 Flavor Domain Wall Fermions on Fine Lattices and Chiral Perturbation Theory}",
    eprint = "0907.4194",
    archivePrefix = "arXiv",
    primaryClass = "hep-lat",
    reportNumber = "MIT-CTP-4032",
    doi = "10.1103/PhysRevD.81.034507",
    journal = "Phys. Rev. D",
    volume = "81",
    pages = "034507",
    year = "2010"
}

@article{ParticleDataGroup:2016lqr,
    author = "Patrignani, C. and others",
    collaboration = "Particle Data Group",
    title = "{Review of Particle Physics}",
    doi = "10.1088/1674-1137/40/10/100001",
    journal = "Chin. Phys. C",
    volume = "40",
    number = "10",
    pages = "100001",
    year = "2016"
}

@article{LHPC:2010jcs,
    author = "Bratt, J. D. and others",
    collaboration = "LHPC",
    title = "{Nucleon structure from mixed action calculations using 2+1 flavors of asqtad sea and domain wall valence fermions}",
    eprint = "1001.3620",
    archivePrefix = "arXiv",
    primaryClass = "hep-lat",
    reportNumber = "TUM-T39-10-01, TUM-EFT-6-10, CERN-PH-TH-2010-005, JLAB-THY-10-1128",
    doi = "10.1103/PhysRevD.82.094502",
    journal = "Phys. Rev. D",
    volume = "82",
    pages = "094502",
    year = "2010"
}

@article{Green:2019zhh,
    author = "Green, Jeremy R. and Engelhardt, Michael and Hasan, Nesreen and Krieg, Stefan and Meinel, Stefan and Negele, John W. and Pochinsky, Andrew V. and Syritsyn, Sergey N.",
    title = "{Excited-state effects in nucleon structure on the lattice using hybrid interpolators}",
    eprint = "1907.11950",
    archivePrefix = "arXiv",
    primaryClass = "hep-lat",
    reportNumber = "DESY-19-132, DESY 19-132",
    doi = "10.1103/PhysRevD.100.074510",
    journal = "Phys. Rev. D",
    volume = "100",
    number = "7",
    pages = "074510",
    year = "2019"
}